@article{imai2016improving,
  title={Improving ecological inference by predicting individual ethnicity from voter registration records},
  author={Imai, Kosuke and Khanna, Kabir},
  journal={Political Analysis},
  volume={24},
  number={2},
  pages={263--272},
  year={2016},
  publisher={Oxford University Press}
}

@inproceedings{ambekar2009name,
  title={Name-ethnicity classification from open sources},
  author={Ambekar, Anurag and Ward, Charles and Mohammed, Jahangir and Male, Swapna and Skiena, Steven},
  booktitle={Proceedings of the 15th ACM SIGKDD international conference on Knowledge Discovery and Data Mining},
  pages={49--58},
  year={2009},
  organization={ACM}
}

@inproceedings{treeratpituk2012name,
  title={Name-Ethnicity Classification and Ethnicity-Sensitive Name Matching.},
  author={Treeratpituk, Pucktada and Giles, C Lee},
  booktitle={AAAI},
  year={2012}
}

@inproceedings{ward2009identifying,
  title={Identifying differences in news coverage between cultural/ethnic groups},
  author={Ward, Charles B and Bautin, Mikhail and Skiena, Steven},
  booktitle={Web Intelligence and Intelligent Agent Technologies, 2009. WI-IAT'09. IEEE/WIC/ACM International Joint Conferences on},
  volume={3},
  pages={511--514},
  year={2009},
  organization={IEEE}
}
